@conference{diagramUnderstanding,
  author={Min Joon Seo and Hannaneh Hajishirzi and Ali Farhadi and Oren Etzioni},
  title = {Diagram Understanding in Geometry Questions},
  booktitle = {Proceedings of the Twenty-eighth AAAI Conference on Artificial Intelligence},
  conference = {AAAI Conference on Artificial Intelligence},
  year = {2014},
  url = {http://www.aaai.org/ocs/index.php/AAAI/AAAI14/paper/view/8623}
}
@article{fromImages,
  author    = {Xiaoyu Chen and
               Dan Song and
               Dongming Wang},
  title     = {Automated Generation of Geometric Theorems from Images of Diagrams},
  journal   = {CoRR},
  volume    = {abs/1406.1638},
  year      = {2014},
  url       = {http://arxiv.org/abs/1406.1638},
  timestamp = {Tue, 01 Jul 2014 11:58:08 +0200},
  biburl    = {http://dblp.uni-trier.de/rec/bib/journals/corr/ChenSW14},
  bibsource = {dblp computer science bibliography, http://dblp.org}
}
@incollection{grobner,
  title={Automatic discovery of geometry theorems using minimal canonical comprehensive Gr{\"o}bner systems},
  author={Montes, Antonio and Recio, Tom{\'a}s},
  booktitle={Automated Deduction in Geometry},
  pages={113--138},
  year={2007},
  publisher={Springer}
}
@article{deductiveDatabase,
  title={A deductive database approach to automated geometry theorem proving and discovering},
  author={Chou, Shang-Ching and Gao, Xiao-Shan and Zhang, Jing-Zhong},
  journal={Journal of Automated Reasoning},
  volume={25},
  number={3},
  pages={219--246},
  year={2000},
  publisher={Springer}
}
@article{autoDiscovery,
  title={Automatic discovery of theorems in elementary geometry},
  author={Recio, Tom{\'a}s and V{\'e}lez, M Pilar},
  journal={Journal of automated reasoning},
  volume={23},
  number={1},
  pages={63--82},
  year={1999},
  publisher={Springer}
}
@INPROCEEDINGS{geoExplorer,
    author = {Sean Wilson and Jacques D. Fleuriot},
    title = {Combining Dynamic Geometry, Automated Geometry Theorem Proving And Diagrammatic Proofs},
    booktitle = {Proceedings of the European Joint Conferences on Theory and Practice of Software (ETAPS) Satellite Workshop on User Interfaces for Theorem Provers (UITP)},
    year = {2005},
    publisher = {Springer}
}
@INPROCEEDINGS{autoTools,
    author = {Pavel Pech},
    title = {Deriving Geometry Theorems by Automated Tools},
    booktitle = {Proceedings of the Sixteenth Asian Technology Conference in Mathematics},
    year = {2011},
    publisher = {Mathematics and Technology, LLC},
    url = {http://atcm.mathandtech.org/ep2011/invited\_papers/3272011\_19553.pdf},
}
@book{autoDeduction,
    year={2004},
    isbn={978-3-540-20927-0},
    title={Automated Deduction in Geometry},
    volume={2930},
    series={Lecture Notes in Computer Science},
    editor={Winkler, Franz},
    doi={10.1007/978-3-540-24616-9_4},
    publisher={Springer Berlin Heidelberg},
    language={English}
}
@book{diagramInference,
year={2006},
isbn={978-3-540-35623-3},
title={Diagrammatic Representation and Inference},
volume={4045},
series={Lecture Notes in Computer Science},
editor={Barker-Plummer, Dave and Cox, Richard and Swoboda, Nik},
doi={10.1007/11783183_14},
publisher={Springer Berlin Heidelberg},
language={English}
}

@article{wuMethod,
  title={Automated Geometric Theorem Proving: Wuâ€™s Method},
  author={Elias, Joran},
  journal={The Montana Mathematics Enthusiast},
  volume={3},
  number={1},
  pages={3--50},
  year={2006}
}
@book{serraDiscovering,
  title={Discovering geometry: An investigative approach},
  author={Serra, Michael},
  volume={4},
  year={2003},
  publisher={Key Curriculum Press}
}
@inproceedings{geoSketchpad,
  title={The geometer's sketchpad: programming by geometry},
  author={Jackiw, R Nicholas and Finzer, William F},
  booktitle={Watch what I do},
  pages={293--307},
  year={1993},
  organization={MIT Press}
}
@article{geoProof,
year={2007},
issn={0168-7433},
journal={Journal of Automated Reasoning},
volume={39},
number={2},
doi={10.1007/s10817-007-9071-4},
title={A Graphical User Interface for Formal Proofs in Geometry},
url={http://dx.doi.org/10.1007/s10817-007-9071-4},
publisher={Springer Netherlands},
keywords={Geometry; Theorem prover; Proof assistant; Interface; Coq; Dynamic geometry; Automated theorem proving},
author={Narboux, Julien},
pages={161-180},
language={English}
}
@book{cabri,
  title={Discovering geometry with a computer: using Cabri-g{\'e}om{\`e}tre},
  author={Fuglestad, Anne Berit},
  year={1994},
  publisher={Chartwell-Yorke, 114 High Street, Belmont, Bolton, Lancashire, BL7 8AL, England}
}
@article{geoTeaching,
year={2000},
issn={0013-1954},
journal={Educational Studies in Mathematics},
volume={44},
number={1-2},
doi={10.1023/A:1012789201736},
title={Providing a Foundation for Deductive Reasoning: Students' Interpretations when Using Dynamic Geometry Software and Their Evolving Mathematical Explanations},
url={http://dx.doi.org/10.1023/A\%3A1012789201736},
publisher={Kluwer Academic Publishers},
keywords={appropriation of learning; computer environments; deductive reasoning; dynamic geometry software; geometry; mathematical explanation; mathematisation; mediation of learning; quadrilaterals; secondary school; sociocultural theory},
author={Jones, Keith},
pages={55-85},
language={English}
}
@inproceedings{geoTransformations,
  title={Developing geometric thinking skills through dynamic diagram transformations},
  author={Patsiomitou, Stavroula and Emvalotis, Anastassios},
  booktitle={6th Mediterranean Conference on Mathematics Education},
  pages={249--258},
  year={2009}
}
@inproceedings{synth,
  title={Synthesizing geometry constructions},
  author={Gulwani, Sumit and Korthikanti, Vijay Anand and Tiwari, Ashish},
  booktitle={ACM SIGPLAN Notices},
  volume={46},
  number={6},
  pages={50--61},
  year={2011},
  organization={ACM}
}