@preamble{ "\newcommand{\noopsort}[1]{} "
	# "\newcommand{\printfirst}[2]{#1} "
	# "\newcommand{\singleletter}[1]{#1} "
	# "\newcommand{\switchargs}[2]{#2#1} " }

@ARTICLE{article-minimal,
   author = {L[eslie] A. Aamport},
   title = {The Gnats and Gnus Document Preparation System},
   journal = {\mbox{G-Animal's} Journal},
   year = 1986,
}

@ARTICLE{article-full,
   author = {L[eslie] A. Aamport},
   title = {The Gnats and Gnus Document Preparation System},
   journal = {\mbox{G-Animal's} Journal},
   year = 1986,
   volume = 41,
   number = 7,
   pages = "73+",
   month = jul,
   note = "This is a full ARTICLE entry",
}

The KEY field is here to override the KEY field in the journal being
cross referenced (so is the NOTE field, in addition to its imparting
information).

@ARTICLE{article-crossref,
   crossref = {WHOLE-JOURNAL},
   key = "",
   author = {L[eslie] A. Aamport},
   title = {The Gnats and Gnus Document Preparation System},
   pages = "73+",
   note = "This is a cross-referencing ARTICLE entry",
}

@ARTICLE{whole-journal,
   key = "GAJ",
   journal = {\mbox{G-Animal's} Journal},
   year = 1986,
   volume = 41,
   number = 7,
   month = jul,
   note = {The entire issue is devoted to gnats and gnus
		(this entry is a cross-referenced ARTICLE (journal))},
}

@INBOOK{inbook-minimal,
   author = "Donald E. Knuth",
   title = "Fundamental Algorithms",
   publisher = "Addison-Wesley",
   year = "{\noopsort{1973b}}1973",
   chapter = "1.2",
}

@INBOOK{inbook-full,
   author = "Donald E. Knuth",
   title = "Fundamental Algorithms",
   volume = 1,
   series = "The Art of Computer Programming",
   publisher = "Addison-Wesley",
   address = "Reading, Massachusetts",
   edition = "Second",
   month = "10~" # jan,
   year = "{\noopsort{1973b}}1973",
   type = "Section",
   chapter = "1.2",
   pages = "10--119",
   note = "This is a full INBOOK entry",
}

@INBOOK{inbook-crossref,
   crossref = "whole-set",
   title = "Fundamental Algorithms",
   volume = 1,
   series = "The Art of Computer Programming",
   edition = "Second",
   year = "{\noopsort{1973b}}1973",
   type = "Section",
   chapter = "1.2",
   note = "This is a cross-referencing INBOOK entry",
}

@BOOK{book-minimal,
   author = "Donald E. Knuth",
   title = "Seminumerical Algorithms",
   publisher = "Addison-Wesley",
   year = "{\noopsort{1973c}}1981",
}

@BOOK{book-full,
   author = "Donald E. Knuth",
   title = "Seminumerical Algorithms",
   volume = 2,
   series = "The Art of Computer Programming",
   publisher = "Addison-Wesley",
   address = "Reading, Massachusetts",
   edition = "Second",
   month = "10~" # jan,
   year = "{\noopsort{1973c}}1981",
   note = "This is a full BOOK entry",
}

@BOOK{book-crossref,
   crossref = "whole-set",
   title = "Seminumerical Algorithms",
   volume = 2,
   series = "The Art of Computer Programming",
   edition = "Second",
   year = "{\noopsort{1973c}}1981",
   note = "This is a cross-referencing BOOK entry",
}

@BOOK{whole-set,
   author = "Donald E. Knuth",
   publisher = "Addison-Wesley",
   title = "The Art of Computer Programming",
   series = "Four volumes",
   year = "{\noopsort{1973a}}{\switchargs{--90}{1968}}",
   note = "Seven volumes planned (this is a cross-referenced set of BOOKs)",
}

@BOOKLET{booklet-minimal,
   key = "Kn{\printfirst{v}{1987}}",
   title = "The Programming of Computer Art",
}

@BOOKLET{booklet-full,
   author = "Jill C. Knvth",
   title = "The Programming of Computer Art",
   howpublished = "Vernier Art Center",
   address = "Stanford, California",
   month = feb,
   year = 1988,
   note = "This is a full BOOKLET entry",
}

@INCOLLECTION{incollection-minimal,
   author = "Daniel D. Lincoll",
   title = "Semigroups of Recurrences",
   booktitle = "High Speed Computer and Algorithm Organization",
   publisher = "Academic Press",
   year = 1977,
}

@INCOLLECTION{incollection-full,
   author = "Daniel D. Lincoll",
   title = "Semigroups of Recurrences",
   editor = "David J. Lipcoll and D. H. Lawrie and A. H. Sameh",
   booktitle = "High Speed Computer and Algorithm Organization",
   number = 23,
   series = "Fast Computers",
   chapter = 3,
   type = "Part",
   pages = "179--183",
   publisher = "Academic Press",
   address = "New York",
   edition = "Third",
   month = sep,
   year = 1977,
   note = "This is a full INCOLLECTION entry",
}

@INCOLLECTION{incollection-crossref,
   crossref = "whole-collection",
   author = "Daniel D. Lincoll",
   title = "Semigroups of Recurrences",
   pages = "179--183",
   note = "This is a cross-referencing INCOLLECTION entry",
}

@BOOK{whole-collection,
   editor = "David J. Lipcoll and D. H. Lawrie and A. H. Sameh",
   title = "High Speed Computer and Algorithm Organization",
   booktitle = "High Speed Computer and Algorithm Organization",
   number = 23,
   series = "Fast Computers",
   publisher = "Academic Press",
   address = "New York",
   edition = "Third",
   month = sep,
   year = 1977,
   note = "This is a cross-referenced BOOK (collection) entry",
}

@MANUAL{manual-minimal,
   key = "Manmaker",
   title = "The Definitive Computer Manual",
}

@MANUAL{manual-full,
   author = "Larry Manmaker",
   title = "The Definitive Computer Manual",
   organization = "Chips-R-Us",
   address = "Silicon Valley",
   edition = "Silver",
   month = apr # "-" # may,
   year = 1986,
   note = "This is a full MANUAL entry",
}

@MASTERSTHESIS{mastersthesis-minimal,
   author = "{\'{E}}douard Masterly",
   title = "Mastering Thesis Writing",
   school = "Stanford University",
   year = 1988,
}

@MASTERSTHESIS{mastersthesis-full,
   author = "{\'{E}}douard Masterly",
   title = "Mastering Thesis Writing",
   school = "Stanford University",
   type = "Master's project",
   address = "English Department",
   month = jun # "-" # aug,
   year = 1988,
   note = "This is a full MASTERSTHESIS entry",
}

@MISC{misc-minimal,
   key = "Missilany",
   note = "This is a minimal MISC entry",
}

@MISC{misc-full,
   author = "Joe-Bob Missilany",
   title = "Handing out random pamphlets in airports",
   howpublished = "Handed out at O'Hare",
   month = oct,
   year = 1984,
   note = "This is a full MISC entry",
}

@STRING{STOC-key = "OX{\singleletter{stoc}}"}

@STRING{ACM = "The OX Association for Computing Machinery"}

@STRING{STOC = " Symposium on the Theory of Computing"}

@INPROCEEDINGS{inproceedings-minimal,
   author = "Alfred V. Oaho and Jeffrey D. Ullman and Mihalis Yannakakis",
   title = "On Notions of Information Transfer in {VLSI} Circuits",
   booktitle = "Proc. Fifteenth Annual ACM" # STOC,
   year = 1983,
}

@INPROCEEDINGS{inproceedings-full,
   author = "Alfred V. Oaho and Jeffrey D. Ullman and Mihalis Yannakakis",
   title = "On Notions of Information Transfer in {VLSI} Circuits",
   editor = "Wizard V. Oz and Mihalis Yannakakis",
   booktitle = "Proc. Fifteenth Annual ACM" # STOC,
   number = 17,
   series = "All ACM Conferences",
   pages = "133--139",
   month = mar,
   year = 1983,
   address = "Boston",
   organization = ACM,
   publisher = "Academic Press",
   note = "This is a full INPROCEDINGS entry",
}

@INPROCEEDINGS{inproceedings-crossref,
   crossref = "whole-proceedings",
   author = "Alfred V. Oaho and Jeffrey D. Ullman and Mihalis Yannakakis",
   title = "On Notions of Information Transfer in {VLSI} Circuits",
   organization = "",
   pages = "133--139",
   note = "This is a cross-referencing INPROCEEDINGS entry",
}

@PROCEEDINGS{proceedings-minimal,
   key = STOC-key,
   title = "Proc. Fifteenth Annual" # STOC,
   year = 1983,
}

@PROCEEDINGS{proceedings-full,
   editor = "Wizard V. Oz and Mihalis Yannakakis",
   title = "Proc. Fifteenth Annual" # STOC,
   number = 17,
   series = "All ACM Conferences",
   month = mar,
   year = 1983,
   address = "Boston",
   organization = ACM,
   publisher = "Academic Press",
   note = "This is a full PROCEEDINGS entry",
}

@PROCEEDINGS{whole-proceedings,
   key = STOC-key,
   organization = ACM,
   title = "Proc. Fifteenth Annual" # STOC,
   address = "Boston",
   year = 1983,
   booktitle = "Proc. Fifteenth Annual ACM" # STOC,
   note = "This is a cross-referenced PROCEEDINGS",
}

@PHDTHESIS{phdthesis-minimal,
   author = "F. Phidias Phony-Baloney",
   title = "Fighting Fire with Fire: Festooning {F}rench Phrases",
   school = "Fanstord University",
   year = 1988,
}

@PHDTHESIS{phdthesis-full,
   author = "F. Phidias Phony-Baloney",
   title = "Fighting Fire with Fire: Festooning {F}rench Phrases",
   school = "Fanstord University",
   type = "{PhD} Dissertation",
   address = "Department of French",
   month = jun # "-" # aug,
   year = 1988,
   note = "This is a full PHDTHESIS entry",
}

@TECHREPORT{techreport-minimal,
   author = "Tom Terrific",
   title = "An {$O(n \log n / \! \log\log n)$} Sorting Algorithm",
   institution = "Fanstord University",
   year = 1988,
}

@TECHREPORT{techreport-full,
   author = "Tom T{\'{e}}rrific",
   title = "An {$O(n \log n / \! \log\log n)$} Sorting Algorithm",
   institution = "Fanstord University",
   type = "Wishful Research Result",
   number = "7",
   address = "Computer Science Department, Fanstord, California",
   month = oct,
   year = 1988,
   note = "This is a full TECHREPORT entry",
}

@UNPUBLISHED{unpublished-minimal,
   author = "Ulrich {\"{U}}nderwood and Ned {\~N}et and Paul {\={P}}ot",
   title = "Lower Bounds for Wishful Research Results",
   note = "Talk at Fanstord University (this is a minimal UNPUBLISHED entry)",
}

@UNPUBLISHED{unpublished-full,
   author = "Ulrich {\"{U}}nderwood and Ned {\~N}et and Paul {\={P}}ot",
   title = "Lower Bounds for Wishful Research Results",
   month = nov # ", " # dec,
   year = 1988,
   note = "Talk at Fanstord University (this is a full UNPUBLISHED entry)",
}

@MISC{random-note-crossref,
   key = {Volume-2},
   note = "Volume~2 is listed under Knuth \cite{book-full}"
}

@Comment Lars References:

@conference{diagramUnderstanding,
  author={Min Joon Seo and Hannaneh Hajishirzi and Ali Farhadi and
                  Oren Etzioni},
  title = {Diagram Understanding in Geometry Questions},
  booktitle = {Proceedings of the Twenty-eighth AAAI Conference on
                  Artificial Intelligence},
  conference = {AAAI Conference on Artificial Intelligence},
  year = {2014},
  url = {http://www.aaai.org/ocs/index.php/AAAI/AAAI14/paper/view/8623}
}
@ARTICLE{fromImages,
  author    = {Xiaoyu Chen and
               Dan Song and
               Dongming Wang},
  title     = {Automated Generation of Geometric Theorems from Images
                  of Diagrams},
  journal   = {CoRR},
  volume    = {abs/1406.1638},
  year      = {2014},
  url       = {http://arxiv.org/abs/1406.1638},
  timestamp = {Tue, 01 Jul 2014 11:58:08 +0200},
  biburl    = {http://dblp.uni-trier.de/rec/bib/journals/corr/ChenSW14},
  bibsource = {dblp computer science bibliography, http://dblp.org}
}
@incollection{grobner,
  title={Automatic discovery of geometry theorems using minimal
                  canonical comprehensive Gr{\"o}bner systems},
  author={Montes, Antonio and Recio, Tom{\'a}s},
  booktitle={Automated Deduction in Geometry},
  pages={113--138},
  year={2007},
  publisher={Springer}
}
@article{deductiveDatabase,
  title={A deductive database approach to automated geometry theorem
                  proving and discovering},
  author={Chou, Shang-Ching and Gao, Xiao-Shan and Zhang, Jing-Zhong},
  journal={Journal of Automated Reasoning},
  volume={25},
  number={3},
  pages={219--246},
  year={2000},
  publisher={Springer}
}
@article{autoDiscovery,
  title={Automatic discovery of theorems in elementary geometry},
  author={Recio, Tom{\'a}s and V{\'e}lez, M Pilar},
  journal={Journal of automated reasoning},
  volume={23},
  number={1},
  pages={63--82},
  year={1999},
  publisher={Springer}
}
@INPROCEEDINGS{geoExplorer,
    author = {Sean Wilson and Jacques D. Fleuriot},
    title = {Combining Dynamic Geometry, Automated Geometry Theorem
                  Proving And Diagrammatic Proofs},
    booktitle = {Proceedings of the European Joint Conferences on
                  Theory and Practice of Software (ETAPS) Satellite
                  Workshop on User Interfaces for Theorem Provers
                  (UITP)},
    year = {2005},
    publisher = {Springer}
}
@INPROCEEDINGS{autoTools,
    author = {Pavel Pech},
    title = {Deriving Geometry Theorems by Automated Tools},
    booktitle = {Proceedings of the Sixteenth Asian Technology
                  Conference in Mathematics},
    year = {2011},
    publisher = {Mathematics and Technology, LLC},
    url = {http://atcm.mathandtech.org/ep2011/invited\_papers/3272011\_19553.pdf},
}
@book{autoDeduction,
    year={2004},
    isbn={978-3-540-20927-0},
    title={Automated Deduction in Geometry},
    volume={2930},
    series={Lecture Notes in Computer Science},
    editor={Winkler, Franz},
    doi={10.1007/978-3-540-24616-9_4},
    publisher={Springer Berlin Heidelberg},
    language={English}
}
@book{diagramInference,
   year={2006},
isbn={978-3-540-35623-3},
title={Diagrammatic Representation and Inference},
volume={4045},
series={Lecture Notes in Computer Science},
editor={Barker-Plummer, Dave and Cox, Richard and Swoboda, Nik},
doi={10.1007/11783183_14},
publisher={Springer Berlin Heidelberg},
language={English}
}

@article{wuMethod,
  title={Automated Geometric Theorem Proving: Wu’s Method},
  author={Elias, Joran},
  journal={The Montana Mathematics Enthusiast},
  volume={3},
  number={1},
  pages={3--50},
  year={2006}
}
@book{serraDiscovering,
  title={Discovering geometry: An investigative approach},
  author={Serra, Michael},
  volume={4},
  year={2003},
  publisher={Key Curriculum Press}
}
@inproceedings{geoSketchpad,
  title={The geometer's sketchpad: programming by geometry},
  author={Jackiw, R Nicholas and Finzer, William F},
  booktitle={Watch what I do},
  pages={293--307},
  year={1993},
  organization={MIT Press}
}
@article{geoProof,
year={2007},
issn={0168-7433},
journal={Journal of Automated Reasoning},
volume={39},
number={2},
doi={10.1007/s10817-007-9071-4},
title={A Graphical User Interface for Formal Proofs in Geometry},
url={http://dx.doi.org/10.1007/s10817-007-9071-4},
publisher={Springer Netherlands},
keywords={Geometry; Theorem prover; Proof assistant; Interface; Coq; Dynamic geometry; Automated theorem proving},
author={Narboux, Julien},
pages={161-180},
language={English}
}
@book{cabri,
  title={Discovering geometry with a computer: using Cabri-g{\'e}om{\`e}tre},
  author={Fuglestad, Anne Berit},
  year={1994},
  publisher={Chartwell-Yorke, 114 High Street, Belmont, Bolton, Lancashire, BL7 8AL, England}
}
@article{geoTeaching,
year={2000},
issn={0013-1954},
journal={Educational Studies in Mathematics},
volume={44},
number={1-2},
doi={10.1023/A:1012789201736},
title={Providing a Foundation for Deductive Reasoning: Students' Interpretations when Using Dynamic Geometry Software and Their Evolving Mathematical Explanations},
url={http://dx.doi.org/10.1023/A\%3A1012789201736},
publisher={Kluwer Academic Publishers},
keywords={appropriation of learning; computer environments; deductive reasoning; dynamic geometry software; geometry; mathematical explanation; mathematisation; mediation of learning; quadrilaterals; secondary school; sociocultural theory},
author={Jones, Keith},
pages={55-85},
language={English}
}
@inproceedings{geoTransformations,
  title={Developing geometric thinking skills through dynamic diagram transformations},
  author={Patsiomitou, Stavroula and Emvalotis, Anastassios},
  booktitle={6th Mediterranean Conference on Mathematics Education},
  pages={249--258},
  year={2009}
}
@inproceedings{synth,
  title={Synthesizing geometry constructions},
  author={Gulwani, Sumit and Korthikanti, Vijay Anand and Tiwari, Ashish},
  booktitle={ACM SIGPLAN Notices},
  volume={46},
  number={6},
  pages={50--61},
  year={2011},
  organization={ACM}
}
@UNPUBLISHED{scmutils,
  title={Scmutils Library},
  author={Sussman, Gerald Jay and others},
  year={2014},
  institution={Massachusetts Institute of Technology},
  note = "MIT Scheme Mechanics Mathematics Library, http://groups.csail.mit.edu/mac/users/gjs/6946/linux-install.htm"
}
@techreport{gjs-propagator,
  title={The Art of the Propagator},
  author={Radul, Alexey and Sussman, Gerald Jay},
  booktitle={CSAIL Technical Report},
  institution={Massachusetts Institute of Technology},
  year={2009},
  issue=53,
}
@article{radul-propagator,
  title={Propagation networks: A flexible and expressive substrate for computation},
  author={Radul, Alexey},
  year={2009}
}
@UNPUBLISHED{geometer,
  title={Geometer Dynamic Geometry Program},
  author={Tom Davis},
  note={Software at http://www.geometer.org/geometer/index.html},
  year={2009},
}
@inproceedings{gelernter,
  title={Realization of a geometry theorem proving machine},
  booktitle={Computers and Thought},
  pages={134-152},
  year={1963},
  author={Gelernter, Herbert}
}
@article{gjs-slices,
  title={SLICES: At the boundary between analysis and synthesis},
  author={Sussman, Gerald Jay},
  journal={Massachusetts Institute of Technology AI Memo},
  year={1977}
}
@article{goldstein1973elementary,
  title={Elementary geometry theorem proving},
  author={Goldstein, Ira},
  journal={AI Memo 280, Massachusetts Institute of Technology},
  year={1973}
}
@book{chou1988mechanical,
  title={Mechanical geometry theorem proving},
  author={Chou, Shang-Ching},
  volume={41},
  year={1988},
  publisher={Springer Science \& Business Media}
}
@article{nevins1975plane,
  title={Plane geometry theorem proving using forward chaining},
  author={Nevins, Arthur J},
  journal={Artificial Intelligence},
  volume={6},
  number={1},
  pages={1--23},
  year={1975},
  publisher={Elsevier}
}
@book{jamnik2001mathematical,
  title={Mathematical Reasoning with Diagrams},
  author={Jamnik, Mateja},
  year={2001},
  publisher={University of Chicago Press}
}
@article{joan2009basics,
  title={Basics on geometric constraint solving},
  author={Joan-Arinyo, Robert},
  journal={Proceedings of 13th Encuentros de Geometrfa Computacional (EGC09), Zaragoza (Spain)},
  year={2009},
  publisher={Citeseer}
}
@book{kramer1992solving,
  title={Solving geometric constraint systems: a case study in kinematics},
  author={Kramer, Glenn A},
  year={1992},
  publisher={MIT press}
}